<?xml version="1.0" encoding="UTF-8"?>
<Document xmlns="urn:iso:std:iso:20022:tech:xsd:camt.053.001.04" xmlns:xsi="http://www.w3.org/2001/XMLSchema-instance" xsi:schemaLocation="urn:iso:std:iso:20022:tech:xsd:camt.053.001.04 camt.053.001.04.xsd"><BkToCstmrStmt><GrpHdr><MsgId>20200526375204290971957</MsgId><CreDtTm>2020-05-27T01:40:51</CreDtTm><MsgPgntn><PgNb>1</PgNb><LastPgInd>true</LastPgInd></MsgPgntn><AddtlInf>SPS/1.6/PROD</AddtlInf></GrpHdr><Stmt><Id>20200526375204290971960</Id><ElctrncSeqNb>101</ElctrncSeqNb><CreDtTm>2020-05-27T01:40:51</CreDtTm><FrToDt><FrDtTm>2020-05-26T00:00:00</FrDtTm><ToDtTm>2020-05-26T23:59:59</ToDtTm></FrToDt><Acct><Id><IBAN>CH1009000000883183899</IBAN></Id><Ownr><Nm>Grynn GmbH Beringen</Nm></Ownr></Acct><Bal><Tp><CdOrPrtry><Cd>OPBD</Cd></CdOrPrtry></Tp><Amt Ccy="CHF">35858.88</Amt><CdtDbtInd>CRDT</CdtDbtInd><Dt><Dt>2020-05-26</Dt></Dt></Bal><Bal><Tp><CdOrPrtry><Cd>CLBD</Cd></CdOrPrtry></Tp><Amt Ccy="CHF">35974.51</Amt><CdtDbtInd>CRDT</CdtDbtInd><Dt><Dt>2020-05-26</Dt></Dt></Bal><Bal><Tp><CdOrPrtry><Cd>CLAV</Cd></CdOrPrtry></Tp><Amt Ccy="CHF">35974.51</Amt><CdtDbtInd>CRDT</CdtDbtInd><Dt><Dt>2020-05-26</Dt></Dt></Bal><Ntry><Amt Ccy="CHF">115.63</Amt><CdtDbtInd>CRDT</CdtDbtInd><RvslInd>false</RvslInd><Sts>BOOK</Sts><BookgDt><Dt>2020-05-26</Dt></BookgDt><ValDt><Dt>2020-05-26</Dt></ValDt><AcctSvcrRef>147020005LK6C33K</AcctSvcrRef><BkTxCd><Domn><Cd>PMNT</Cd><Fmly><Cd>RCDT</Cd><SubFmlyCd>ATXN</SubFmlyCd></Fmly></Domn></BkTxCd><NtryDtls><TxDtls><Refs><AcctSvcrRef>200526CH05LK6C33</AcctSvcrRef><InstrId>3118082005</InstrId><EndToEndId>NOT PROVIDED</EndToEndId></Refs><Amt Ccy="CHF">115.63</Amt><CdtDbtInd>CRDT</CdtDbtInd></TxDtls></NtryDtls><AddtlNtryInf>GUTSCHRIFT VON FREMDBANK SEPA TRANSAKTION EUR 110.40 ZUM KURS VON 1.0474 AUFTRAGGEBER: WELDPLAST CR S.R.O. DELNICKA 786/38 17000PRAHA 7 - HOLESOVICE MITTEILUNGEN: ACC-SINV-2020-00015 REFERENZEN: NOT PROVIDED 3118082005 200526CH05LK6C33</AddtlNtryInf></Ntry></Stmt></BkToCstmrStmt></Document>
